<?xml version="1.0" encoding="UTF-8"?><collection xmlns="http://www.loc.gov/MARC21/slim"><record><leader>00630nam--2200181-i-4500</leader><controlfield tag="001">000009540</controlfield><controlfield tag="002">20161230</controlfield><controlfield tag="005">20161230201028</controlfield><controlfield tag="008">060222s1000------------r-----000-0-eng-d</controlfield><datafield ind1=" " ind2=" " tag="040"><subfield code="a">IFIN-HH</subfield></datafield><datafield ind1=" " ind2=" " tag="080"><subfield code="a">539</subfield></datafield><datafield ind1="1" ind2=" " tag="100"><subfield code="a">Attix, Frank H</subfield></datafield><datafield ind1="1" ind2="0" tag="245"><subfield code="a">Luminiscence dosimetry</subfield><subfield code="b">Proceedings of international conference on luminiscence dosimetry stanford university, stanford, california june 21-23, 1965</subfield><subfield code="c">Frank h. attix (ed.)</subfield></datafield><datafield ind1=" " ind2=" " tag="260"><subfield code="a">Springfield</subfield><subfield code="b">Usaec Division Of Technical Information Extension</subfield><subfield code="c">1967</subfield></datafield><datafield ind1=" " ind2=" " tag="300"><subfield code="a">XI + 514 P</subfield></datafield><datafield ind1=" " ind2=" " tag="490"><subfield code="a">Proceedings</subfield></datafield><datafield ind1=" " ind2=" " tag="852"><subfield code="a">28475</subfield><subfield code="c">539.1.07:539.1.08</subfield></datafield><datafield ind1=" " ind2=" " tag="CAT"><subfield code="a">Sys</subfield><subfield code="c">20111019</subfield><subfield code="h">164757</subfield></datafield></record></collection>